@misc{vae,
      title={Auto-Encoding Variational Bayes}, 
      author={Diederik P Kingma and Max Welling},
      year={2014},
      eprint={1312.6114},
      archivePrefix={arXiv},
      primaryClass={stat.ML}
}
@misc{latent,
      title={Variational Autoencoder with Learned Latent Structure}, 
      author={Marissa C. Connor and Gregory H. Canal and Christopher J. Rozell},
      year={2020},
      eprint={2006.10597},
      archivePrefix={arXiv},
      primaryClass={stat.ML}
}
@misc{batch,
      title={Batch Normalization: Accelerating Deep Network Training by Reducing Internal Covariate Shift}, 
      author={Sergey Ioffe and Christian Szegedy},
      year={2015},
      eprint={1502.03167},
      archivePrefix={arXiv},
      primaryClass={cs.LG}
}
@misc{relu,
      title={Empirical Evaluation of Rectified Activations in Convolutional Network}, 
      author={Bing Xu and Naiyan Wang and Tianqi Chen and Mu Li},
      year={2015},
      eprint={1505.00853},
      archivePrefix={arXiv},
      primaryClass={cs.LG}
}
@misc{stl,
author = {Coates, Adam and Lee, Honglak and Ng, Andrew},
year = {2011},
month = {01},
pages = {1-9},
title = {An Analysis of Single-Layer Networks in Unsupervised Feature Learning}
}
@misc{cifar,
author = {Krizhevsky, Alex},
year = {2012},
month = {05},
pages = {},
title = {Learning Multiple Layers of Features from Tiny Images},
journal = {University of Toronto}
}
@misc{stl-web,
url={http://cs.stanford.edu/~acoates/stl10},
journal={Cs.stanford.edu},
year={2021}
}
@misc{adam,
      title={Adam: A Method for Stochastic Optimization}, 
      author={Diederik P. Kingma and Jimmy Ba},
      year={2017},
      eprint={1412.6980},
      archivePrefix={arXiv},
      primaryClass={cs.LG}
}
@misc{sampl,
title={Sampling Generative Networks}, 
author={Tom White},
year={2016},
eprint={1609.04468},
archivePrefix={arXiv},
primaryClass={cs.NE}
}
@misc{blur,
      title={Towards Deeper Understanding of Variational Autoencoding Models}, 
      author={Shengjia Zhao and Jiaming Song and Stefano Ermon},
      year={2017},
      eprint={1702.08658},
      archivePrefix={arXiv},
      primaryClass={cs.LG}
}
@misc{acai,
      title={Understanding and Improving Interpolation in Autoencoders via an Adversarial Regularizer}, 
      author={David Berthelot and Colin Raffel and Aurko Roy and Ian Goodfellow},
      year={2018},
      eprint={1807.07543},
      archivePrefix={arXiv},
      primaryClass={cs.LG}
}